<record><leader>01438cam a2200385 a 4500</leader><controlfield tag="001">1338355</controlfield><controlfield tag="008">901123s1985    nyua     b      1 0 eng d</controlfield><datafield ind1=" " ind2=" " tag="010"><subfield code="a">   84021376 //r892</subfield></datafield><datafield ind1=" " ind2=" " tag="020"><subfield code="a">023105520X (alk. paper)</subfield></datafield><datafield ind1=" " ind2=" " tag="020"><subfield code="a">0231055218 (pbk.)</subfield></datafield><datafield ind1=" " ind2=" " tag="035"><subfield code="a">ocm11210859</subfield></datafield><datafield ind1=" " ind2=" " tag="040"><subfield code="a">DLC</subfield><subfield code="b">eng</subfield><subfield code="c">DLC</subfield></datafield><datafield ind1=" " ind2=" " tag="043"><subfield code="a">n-us-oh</subfield></datafield><datafield ind1=" " ind2=" " tag="049"><subfield code="a">AEU</subfield><subfield code="b">eng</subfield></datafield><datafield ind1="0" ind2="0" tag="050"><subfield code="a">HC108.C5</subfield><subfield code="b">R67 1985</subfield></datafield><datafield ind1="0" ind2=" " tag="082"><subfield code="a">331/.09771/78</subfield><subfield code="2">19</subfield></datafield><datafield ind1=" " ind2=" " tag="090"><subfield code="a">HC 108 C5 R67 1985</subfield><subfield code="b">AEC</subfield></datafield><datafield ind1="0" ind2=" " tag="090"><subfield code="a">HC 108 C5 R826 1985</subfield></datafield><datafield ind1="1" ind2=" " tag="100"><subfield code="a">Ross, Steven Joseph.</subfield></datafield><datafield ind1="1" ind2="0" tag="245"><subfield code="a">Workers on the edge :</subfield><subfield code="b">work, leisure, and politics in industrializing Cincinnati, 1788-1890 /</subfield><subfield code="c">Steven J. Ross.</subfield></datafield><datafield ind1=" " ind2=" " tag="260"><subfield code="a">New York :</subfield><subfield code="b">Columbia University Press,</subfield><subfield code="c">1985.</subfield></datafield><datafield ind1=" " ind2=" " tag="300"><subfield code="a">xx, 406 p. :</subfield><subfield code="b">ill. ;</subfield><subfield code="c">24 cm.</subfield></datafield><datafield ind1=" " ind2=" " tag="336"><subfield code="a">text</subfield><subfield code="b">txt</subfield><subfield code="2">rdacontent</subfield></datafield><datafield ind1=" " ind2=" " tag="337"><subfield code="a">unmediated</subfield><subfield code="b">n</subfield><subfield code="2">rdamedia</subfield></datafield><datafield ind1=" " ind2=" " tag="338"><subfield code="a">volume</subfield><subfield code="b">nc</subfield><subfield code="2">rdacarrier</subfield></datafield><datafield ind1="1" ind2=" " tag="490"><subfield code="a">Columbia history of urban life.</subfield></datafield><datafield ind1=" " ind2=" " tag="500"><subfield code="a">Includes index.</subfield></datafield><datafield ind1=" " ind2=" " tag="504"><subfield code="a">Bibliography: p. [387]-397.</subfield></datafield><datafield ind1=" " ind2=" " tag="596"><subfield code="a">43</subfield></datafield><datafield ind1=" " ind2="0" tag="650"><subfield code="a">Working class</subfield><subfield code="z">Ohio</subfield><subfield code="z">Cincinnati</subfield><subfield code="x">History</subfield><subfield code="y">19th century.</subfield></datafield><datafield ind1=" " ind2="0" tag="650"><subfield code="a">Working class</subfield><subfield code="z">Ohio</subfield><subfield code="z">Cincinnati</subfield><subfield code="x">History</subfield><subfield code="y">18th century.</subfield></datafield><datafield ind1=" " ind2="0" tag="650"><subfield code="a">Industrial relations</subfield><subfield code="z">Ohio</subfield><subfield code="z">Cincinnati</subfield><subfield code="x">History.</subfield></datafield><datafield ind1=" " ind2="0" tag="651"><subfield code="a">Cincinnati (Ohio)</subfield><subfield code="x">Industries</subfield><subfield code="x">History.</subfield></datafield><datafield ind1=" " ind2="0" tag="830"><subfield code="a">Columbia history of urban life.</subfield></datafield><datafield ind1=" " ind2=" " tag="926"><subfield code="a">HC 108 C5 R826 1985</subfield><subfield code="w">LC</subfield><subfield code="c">1</subfield><subfield code="i">000035040112</subfield><subfield code="d">11/22/2003</subfield><subfield code="e">11/11/2003</subfield><subfield code="l">ON_SHELF</subfield><subfield code="m">UAHSS</subfield><subfield code="n">3</subfield><subfield code="p">$150.00</subfield><subfield code="r">Y</subfield><subfield code="s">Y</subfield><subfield code="t">BOOK</subfield><subfield code="u">11/29/1990</subfield></datafield></record>